% AMBER program
@MISC{AMBER:Program,
title = {{AMBER 12}},
author = {D. A. Case and T. A. Darden and T. E. Cheatham and III and C. L. Simmerling and J. Wang and R. E. Duke and R. Luo and R. C. Walker and W. Zhang and K. M. Merz and B. Roberts and S. Hayik and A. Roitberg and G. Seabra and J. Swails and A. W. Goetz and I. Kolossv√°ry and K. F. Wong and F. Paesani and J. Vanicek and R. M. Wolf and J. Liu and X. Wu and S. R. Brozell and T. Steinbrecher and H. Gohlke and Q. Cai and X. Ye and J. Wang and M.-J. Hsieh and G. Cui and D. R. Roe and D. H. Mathews and M. G. Seetin and R. Salomon-Ferrer and C. Sagui and V. Babin and T. Luchko and S. Gusarov and A. Kovalenko and P. A. Kollman}, 
note = {{University of California, San Francisco, 2012}},
}

% AMBER18 tools
@MISC{AMBER18:Program,
title  = {{Amber18}},
author = {D.A. Case and I.Y. Ben-Shalom and S.R. Brozell and D.S. Cerutti and T.E. Cheatham III and V.W.D. Cruzeiro and T.A. Darden and R.E. Duke and D. Ghoreishi and M.K. Gilson and H. Gohlke and A.W. Goetz and D. Greene and R Harris and N. Homeyer and S. Izadi and A. Kovalenko and T. Kurtzman and T.S. Lee and S. LeGrand and P. Li and C. Lin and J. Liu and T. Luchko and R. Luo and D.J. Mermelstein and K.M. Merz and Y. Miao and G. Monard and C. Nguyen and H. Nguyen and I. Omelyan and A. Onufriev and F. Pan and R. Qi and D.R. Roe and A. Roitberg and C. Sagui and S. Schott-Verdugo and J. Shen and C.L. Simmerling and J. Smith and R. Salomon-Ferrer and J. Swails and R.C. Walker and J. Wang and H. Wei and R.M. Wolf and X. Wu and L. Xiao and D.M. York and P.A. Kollman},
note   = {{University of California, San Francisco, 2018}},
}

% CHARMM program
@article{CHARMM:Program,
title = {{CHARMM: The biomolecular simulation program}},
author = {Brooks, B. R. and Brooks, C. L. and Mackerell, A. D. and Nilsson, L. and Petrella, R. J. and Roux, B. and Won, Y. and Archontis, G. and Bartels, C. and Boresch, S. and Caflisch, A. and Caves, L. and Cui, Q. and Dinner, A. R. and Feig, M. and Fischer, S. and Gao, J. and Hodoscek, M. and Im, W. and Kuczera, K. and Lazaridis, T. and Ma, J. and Ovchinnikov, V. and Paci, E. and Pastor, R. W. and Post, C. B. and Pu, J. Z. and Schaefer, M. and Tidor, B. and Venable, R. M. and Woodcock, H. L. and Wu, X. and Yang, W. and York, D. M. and Karplus, M.},
journal = {J. Comput. Chem.},
volume = {30},
publisher = {Wiley Subscription Services, Inc., A Wiley Company},
issn = {1096-987X},
url = {http://dx.doi.org/10.1002/jcc.21287},
doi = {10.1002/jcc.21287},
pages = {1545--1614},
keywords = {biomolecular simulation, CHARMM program, molecular mechanics, molecular dynamics, molecular modeling, biophysical computation, energy function},
year = {2009},
}

% GROMACS program (version 4.5)
@article{GROMACS:Program,
author = {Pronk, S. and P\'{a}ll, S. and Schulz, R. and Larsson, P. and Bjelkmar, P. and Apostolov, R. and Shirts, M. R. and Smith, J. C. and Kasson, P. M. and van der Spoel, D. and Hess, B. and Lindahl, E.}, 
title = {{GROMACS 4.5: a high-throughput and highly parallel open source molecular simulation toolkit}},
volume = {29}, 
pages = {845-854}, 
year = {2013}, 
journal = {Bioinformatics}
}

% DESMOND program
@inproceedings{DESMOND:Program,
  title={{Scalable algorithms for molecular dynamics simulations on commodity clusters}},
  author={Bowers, K. J. and Chow, E. and Xu, H. and Dror, R. O. and Eastwood, M. P. and Gregersen, B. A. and Klepeis, J. L. and Kolossvary, I. and Moraes, M. A. and Sacerdoti, F. D. and Salmon, J. K. and Shan, Y. and Shaw, D. E.},
  booktitle={SC 2006 Conference, Proceedings of the ACM/IEEE},
  pages={11--17},
  year={2006},
  organization={IEEE}
}

% NAMD program
@article {NAMD:Program,
author = {Phillips, J. C. and Braun, R. and Wang, W. and Gumbart, J. and Tajkhorshid, E. and Villa, E. and Chipot, C. and Skeel, R. D. and Kal\'{e}, L. and Schulten, K.},
title = {{Scalable molecular dynamics with NAMD}},
journal = {J. Comput. Chem.},
volume = {26},
publisher = {Wiley Subscription Services, Inc., A Wiley Company},
issn = {1096-987X},
url = {http://dx.doi.org/10.1002/jcc.20289},
doi = {10.1002/jcc.20289},
pages = {1781--1802},
keywords = {biomolecular simulation, molecular dynamics, parallel computing},
year = {2005},
}

% PME
@article{Darden:1997uf,
author = {Darden, T. and Pedersen, L. and Toukmaji, A. and Crowley, M. and Cheatham, T},
title = {{Particle--mesh based methods for fast Ewald summation in molecular dynamics simulations}},
journal = {Proceedings of the Eighth SIAM Conference on Parallel Processing for Scientific Computing},
year = {1997}
}

% PME
@article{Essmann:1995vj,
title={{A smooth particle mesh Ewald method}},
author={Essmann, U. and Perera, L. and Berkowitz, M. L. and Darden, T. and Lee, H. and Pedersen, L. G.},
journal={J. Chem. Phys.},
volume={103},
pages={8577--8593},
year={1995}
}

% PME
@article{Darden:1993in,
author = {Darden, T. and York, D. and Pedersen, L.},
title = {{Particle mesh Ewald: An Nlog(N) method for Ewald sums in large systems}},
journal = {J. Chem. Phys.},
year = {1993},
volume = {98},
pages = {10089-10092}
}

% Karanicolas-Brook Go model 1
@article{Karanicolas:2002hl,
author = {Karanicolas, J. and Brooks, III, C. L.},
title = {{The origins of asymmetry in the folding transition states of protein L and protein G}},
journal = {Protein Sci.},
year = {2002},
volume = {11},
pages = {2351--2361}
}

% Karanicolas-Brook Go model 2
@article{karanicolas2003improved,
  title={{Improved Go-like models demonstrate the robustness of protein folding mechanisms towards non-native interactions}},
  author={Karanicolas, J. and Brooks III, C. L.},
  journal={J. Mol. Biol.},
  volume={334},
  pages={309--325},
  year={2003},
  publisher={Elsevier}
}

% Go review
@article{Go:1983,
author = {Go, N.},
title = {{Theoretical studies of protein folding}},
journal = {Annu. Rev. Biophys. Bioeng.},
year = {1983},
volume = {12},
pages = {183-210}
}

% Go model
@article{Taketomi:1975,
author = {Taketomi, H. and Ueda, Y. and Go, N.},
title = {{Studies on protein folding, unfolding and fluctuations by computer simulation}},
journal = {nt. J. Peptide Proteins Res.},
year = {1975},
volume = {7},
pages = {445--459}
}

% Cutoff (force switch)
@article{Steinbach:1994,
   author = {Steinbach, P. J. and Brooks, B. R.},
   title = {{New Spherical-Cutoff Methods for Long-Range Forces in Macromolecular Simulation}},
   journal = {J. Comput. Chem.},
   volume = {15},
   pages = {667--683},
   year = {1994}
}

% Lookup Table
@article{Nilsson:2009,
   author = {Nilsson, L.},
   title = {{Efficient Table Lookup Without Inverse Square Roots for Calculation of Pair Wise Atomic Interactions in Classical Simulations}},
   journal = {J. Comput. Chem.},
   volume = {30},
   pages = {1490--1498},
   year = {2009}
}

% Inverse lookup table
@article{Jung:2013,
   author = {Jung, J. and Mori, T. and Sugita, Y.},
   title = {{Efficient lookup table using a linear function of inverse distance squared}},
   journal = {J. Comput. Chem.},
   volume = {34},
   pages = {2412--2420},
   year = {2013}
}

% Implicit review
@article{Mori:2016,
   author = {Mori, T. and Miyashita, N. and Im, W. and Feig, M. and Sugita, Y.},
   title = {{Molecular dynamics simulations of biological membranes and membrane proteins using enhanced conformational sampling algorithms}},
   journal = {BBA-Biomembranes},
   volume = {1858},
   pages = {1635--1651},
   year = {2016}
}

% Implicit OBC
@article{Onufriev:2004,
   author = {Onufriev, A. and Bashford, D. and Case, D. A.},
   title = {{Exploring protein native states and large scale conformational changes with a modified generalized born model}},
   journal = {Proteins},
   volume = {55},
   pages = {383--394},
   year = {2004}
}

% Implicit LCPO
@article{Weiser:1999,
   author = {Weiser, J. and Shenkin, P. S. and Still, W. C.},
   title = {{Approximate atomic surfaces from linear combinations of pairwise overlaps (LCPO)}},
   journal = {J. Comput. Chem.},
   volume = {20},
   pages = {217--230},
   year = {1999}
}

% Implicit GB
@article{Still:1990,
   author = {Still, W. C. and Tempczyk, A. and Hawley, R. C. and Hendrickson, T.},   
   title = {{Semianalytical treatment of solvation for molecular mechanics and dynamics}},
   journal = {J. Am. Chem. Soc.},
   volume = {112},
   pages = {6127--6129},
   year = {1990}
}

% Implicit SA
@article{Eisenberg:1986,
   author = {Eisenberg, D. and McLachlan, A. D.},
   title = {{Solvation energy in protein folding and binding}},
   journal = {Nature},
   volume = {319},
   pages = {199--203},
   year = {1986}
}

% Implicit Hij function
@article{Schaefer:1990,
   author = {Schaefer, M. and Froemmel, C.},
   title = {{A Precise Analytical Method for Calculating the Electrostatic Energy of Macromolecules in Aqueous Solution}},
   journal = {J. Mol. Biol.},
   volume = {216},
   pages = {1045--1066},
   year = {1990}
}

% FFT 1d_alltoall, 2d_alltoall
@article{Jung:2016,
  author = {Jung, J. and Kobayashi, C. and Imamura, T. and Sugita, Y.},
  title = {{Parallel implementation of 3D FFT with volumetric decomposition schemes for efficient molecular dynamics simulations}},
  journal = {Comp. Phys. Comm.},
  volume = {200},
  pages = {57--65},
  year = {2016}
}

% Force field (CHARMM TIP3)
@article{Jorgensen:1983,
   author = {Jorgensen, W. L. and Chandrasekhar, J. and Madura, J. D. and Impey, R. W. and Klein, M. L.},
   title = {{Comparison of Simple Potential Functions for Simulating Liquid Water}},
   journal = {J. Chem. Phys.},
   volume = {79},
   pages = {926--935},
   year = {1983}
}

% Force field (CHARMM 19)
@article{Neria:1996,
   author = {Neria, E. and Fischer, S. and Karplus, M.},
   title = {{Simulation of activation free energies in molecular systems}},
   journal = {J. Chem. Phys.},
   volume = {105},
   pages = {1902--1921},
   year = {1996}
}

% Force field (CHARMM 22)
@article{MacKerell:1998,
   author = {MacKerell, A. D. and Bashford, D. and Bellott, M. and Dunbrack, R. L. and Evanseck, J. D. and Field, M. J. and Fischer, S. and Gao, J. and Guo, H. and Ha, S. and Joseph-McCarthy, D. and Kuchnir, L. and Kuczera, K. and Lau, F. T. K. and Mattos, C. and Michnick, S. and Ngo, T. and Nguyen, D. T. and Prodhom, B. and Reiher, W. E. and Roux, B. and Schlenkrich, M. and Smith, J. C. and Stote, R. and Straub, J. and Watanabe, M. and Wiorkiewicz-Kuczera, J. and Yin, D. and Karplus, M.},
   title = {{All-atom empirical potential for molecular modeling and dynamics studies of proteins}},
   journal = {J. Phys. Chem. B},
   volume = {102},
   pages = {3586--3616},
   year = {1998}
}

% Force field (CHARMM 27, CMAP)
@article{MacKerell:2004,
   author = {MacKerell, A. D. and Feig, M. and Brooks, C. L.},
   title = {{Improved treatment of the protein backbone in empirical force fields}},
   journal = {J. Am. Chem. Soc.},
   volume = {126},
   pages = {698--699},
   year = {2004}
}

% Force field (CHARMM, nucleic acid)
@article{Foloppe:2000,
   author = {Foloppe, N. and Mackerell, A. D.},
   title = {{All-atom empirical force field for nucleic acids: I. parameter optimization based on small molecule and condensed phase macromolecular target data}},
   journal = {J. Comput. Chem.},
   volume = {21},
   pages = {86--104},
   year = {2000}
}

% Force field (CHARMM, nucleic acid)
@article{MacKerell:2000,
   author = {Mackerell, A. D. and Banavali, N. K.},
   title = {{All-atom empirical force field for nucleic acids: II. application to molecular dynamics simulations of dna and rna in solution}},
   journal = {J. Comput. Chem.},
   volume = {21},
   pages = {105--120},
   year = {2000}
}

% Force field (CHARMM, lipids)
@article{Feller:1997,
   author = {Feller, S. D. and Yin, D. X. and Pastor, R. W. and Mackerell, A. D.},
   title = {{Molecular dynamics simulation of unsaturated lipid bilayers at low hydration: parameterization and comparison with diffraction studies}},
   journal = {Biophys. J.},
   volume = {73},
   pages = {2269--2279},
   year = {1997}
}

% Force field (CHARMM, lipids)
@article{Klauda:2010,
   author = {Klauda, J. B. and Venable, R. M. and Freites, J. A. and O'Connor, J. W. and Tobias, D. J. and Mondragon-Ramirez, C. and Vorobyov, I. and Pastor, R. W.},
   title = {{Update of the charmm all-atom additive force field for lipids: validation on six lipid types}},
   journal = {J. Phys. Chem. B},
   volume = {114},
   pages = {7830--7843},
   year = {2010}
}

% Force field (CHARMM 36, proteins)
@article{Best:2012,
author = {Best, R. B. and Zhu, X. and Shim, J. and Lopes, P. E. M. and Mittal, J. and Feig, M. and MacKerell, A. D.},
title = {{Optimization of the additive CHARMM all-atom protein force field targeting improved sampling of the backbone \phi, \psi and side-Chain \chi1 and \chi2 dihedral angles}},
journal = {J. Chem. Theo. Comput.},
volume = {8},
pages = {3257-3273},
year = {2012},
}

% Force field (CHARMM 36, proteins)
@article{Huang:2013,
   author = {Huang, J. and MacKerell, A. D.},
   title = {{CHARMM36 all-atom additive protein force field: Validation based on comparison to NMR data}},
   journal = {J. Comput. Chem.},
   volume = {34},
   pages = {2135--2145},
   year = {2013}
}

% Force field (CHARMM 36m)
@article{Huang:2017,
   author = {J. Huang and S. Rauscher and G. Nawrocki and T. Ran and M. Feig and B. L. de Groot and H. Grubm√ºller and A. D. MacKerell Jr},
   title = {{CHARMM36m: an improved force field for folded and intrinsically disordered proteins}},
   journal = {Nat. Methods},
   volume = {14},
   pages = {71-73},
   year = {2017}
}

% Force field (MARTINI)
@article{Marrink:2007,
   author = {Marrink, S.J. and Risselada, H.J. and Yefimov, S. and Tieleman, D.P. and de Vries,  A.H.},
   title = {{The MARTINI forcefield: coarse grained model for biomolecular simulations}},
   journal = {J. Phys. Chem. B},
   volume = {111},
   pages = {7812--7824},
   year = {2007},
}

@article{Monticelli:2008,
   author = {Monticelli, L. and Kandasamy, S.K.  and Periole, X. and Larson, R.G. and  Tieleman, D.P. and  Marrink, S.J.},
   title = {{The MARTINI coarse grained forcefield: extension to proteins}},
   journal = {J. Chem. Theo. Comput.},
   volume = {4},
   pages = {819--834},
   year = {2008},
}

% Force field (AMBER)
@article {Cornell:1995,
  author = {W. D. Cornell and P. Cieplak and C. I. Bayly and I. R. Gould and K. M. Merz and D. M. Ferguson and D. C. Spellmeyer and T. Fox and J. W. Caldwell and P. A. Kollman},
  title = {{A Second Generation Force Field for the Simulation of Proteins, Nucleic Acids, and Organic Molecules}},
  journal = {J. Am. Chem. Soc.},
  volume = {117},
  pages = {5179-5197},
  year = {1995},
}

% Force field (AMBER)
@article {Case:2005,
author = {Case, D. A. and Cheatham, T. E. and Darden, T. and Gohlke, H. and Luo, R. and Merz, K. M. and Onufriev, A. and Simmerling, C. and Wang, B. and Woods, R. J.},
title = {{The Amber biomolecular simulation programs}},
journal = {J. Comput. Chem.},
volume = {26},
pages = {1668--1688},
year = {2005},
}

% Force field (OPLS)
@article{Jorgensen:1996,
author = {Jorgensen, W. L. and Maxwell, D. S. and Tirado-Rives, J.},
title = {{Development and Testing of the OPLS All-Atom Force Field on Conformational Energetics and Properties of Organic Liquids}},
journal = {J. Am. Chem. Soc.},
volume = {118},
pages = {11225-11236},
year = {1996},
}

% Force field (GROMOS 53A5 53A6)
@article {Oostenbrink:2004,
author = {Oostenbrink, C. and Villa, A. and Mark, A. E. and Van Gunsteren, W. F.},
title = {{A biomolecular force field based on the free enthalpy of hydration and solvation: The GROMOS force-field parameter sets 53A5 and 53A6}},
journal = {J. Comput. Chem.},
volume = {25},
pages = {1656--1676},
year = {2004},
}

% Go model (Clementi)
@article{Clementi:2000,
author = {Clementi, C. and  Nymeyer, H. and Onuchic, J.},
title = {{Topological and energetic factors: what determines the structural details of the transition state ensemble and ‚Äúen-route‚Äù intermediates for protein folding? an investigation for small globular proteins}},
journal = {J. Mol. Biol.},
volume = {298},
pages = {937--953},
year = {2000},
}

% Go model (Whitford)
@article{Whitford:2009,
author = {Whitford, P. C. and Noel, J. K. and Gosavi, S. and Schug, A. and Sanbonmatsu, K. Y. and Onuchic, J. N. },
title = {{An all-atom structure-based potential for proteins: Bridging minimal models with all-atom empirical forcefields}},
journal = {Proteins: Structure, Function, and Bioinformatics},
volume = {75},
pages = {430--441},
year = {2009},
}

% Constraint
@article{Rycaert:1997,
   author = {Ryckaert, J. P. and Ciccotti, G. and Berendsen, H. J. C.},
   title = {{Numerical-Integration of Cartesian Equations of Motion of a System with Constraints - Molecular-Dynamics of N-Alkanes}},
   journal = {J. Comput. Chem.},
   volume = {23},
   pages = {327--341},
   year = {1977}
}

@article{Andersen:1983,
   author = {Andersen, H. C.},
   title = {{Rattle - a Velocity Version of the Shake Algorithm for Molecular-Dynamics Calculations}},
   journal = {J. Comput. Chem.},
   volume = {52},
   pages = {24--34},
   year = {1983}
}

@article{Miyamoto:1992,
   author = {Miyamoto, S. and Kollman, P. A.},
   title = {{Settle - an Analytical Version of the Shake and Rattle Algorithm for Rigid Water Models}},
   journal = {J. Comput. Chem.},
   volume = {13},
   pages = {952-962},
   year = {1992}
}

% Pairlist
@article{Verlet:1967,
   author = {Verlet, L.},
   title = {{Computer Experiments on Classical Fluids .I. Thermodynamical Properties of Lennard-Jones Molecules}},
   journal = {Phys. Rev.},
   volume = {159},
   pages = {98--103},
   year = {1967}
}

%% Parallelization
% mid-point method
@article{Bowers:2006,
   author = {Bowers, K. J. and Dror, R. O. and Shaw, D. E.},
   title = {{The midpoint method for parallelization of particle simulations}},
   journal = {J. Chem. Phys.},
   volume = {124},
   pages = {184109},
   year = {2006}
}

% mid-point cell method
@article{Jung:2014,
   author = {Jung, J. and Mori, T. and Sugita, Y.},
   title = {{Midpoint cell method for hybrid (MPI+OpenMP) parallelization of molecular dynamics simulations}},
   journal = {J. Comput. Chem.},
   volume = {35},
   pages = {1064--1072},
   year = {2014}
}

% pairwise velrlet lists
@article{Gonnet:2012,
   author = {Gonnet, P.},
   title = {{Pairwise verlet lists: combining cell lists and verlet lists to improve memory locality and parallelism}},
   journal = {J. Comput. Chem.},
   volume = {33},
   pages = {76--81},
   year = {2012}
}

% r-RESPA
@article{Tuckerman:1992,
   author = {Tuckerman, M. and Berne, B. J. and Martyna G. J.},
   title = {{Reversible multiple time scale molecular dynamics}},
   journal = {J. Chem. Phys.},
   volume = {97},
   pages = {1990--2001},
   year = {1992}
}

% Thermostat (Langevin)
@article{Adelman:1976,
   author = {Adelman, S. A. and Doll, J. D.},
   title = {{Generalized Langevin Equation Approach for Atom-Solid-Surface Scattering - General Formulation for Classical Scattering Off Harmonic Solids}},
   journal = {J. Chem. Phys.},
   volume = {64},
   pages = {2375--2388},
   year = {1976}
}

% Thermostat/Barostat (Berendsen)
@article{Berendsen:1984,
   author = {Berendsen, H. J. C. and Postma, J. P. M. and Vangunsteren, W. F. and Dinola, A. and Haak, J. R.},
   title = {{Molecular-Dynamics with Coupling to an External Bath}},
   journal = {J. Chem. Phys.},
   volume = {81},
   pages = {3684--3690},
   year = {1984}
}

% anomalous effect using Berensen thermostat
@article{Braun:2018,
   author = {Braun, E. and Moosavi, S. M. and Smit, S.},
   title = {{Anomalous Effects of Velocity Rescaling Algorithms: The Flying Ice Cube Effect Revisited}},   journal = {J. Chem. Theory Comput.},
   volume = {14},
   pages = {5262--5272},
   year = {2018}
}

% Thermostat (Nose-Hoover)
@article{Hoover:1985,
   author = {Hoover, W. G.},
   title = {{Canonical Dynamics - Equilibrium Phase-Space Distributions}},
   journal = {Phys. Rev. A},
   volume = {31},
   pages = {1695--1697},
   year = {1985}
}

@article{Martyna:1992,
   author = {Martyna, G. J. and Klein, M. L. and Tuckerman, M.},
   title = {{Nose-Hoover Chains - the Canonical Ensemble Via Continuous Dynamics}},
   journal = {J. Chem. Phys.},
   volume = {97},
   pages = {2635--2643},
   year = {1992}
}

% Thermostat (Bussi)
@article{Bussi:2007,
   author = {Bussi, G. and Donadio, D. and Parrinello, M.},
   title = {{Canonical sampling through velocity rescaling}},
   journal = {J. Chem. Phys.},
   volume = {126},
   pages = {014101},
   year = {2007}
}

% NPT (Bussi)
@article{Bussi:2009,
  author = {Bussi, G. and Zykova-Timan, T. and Parrinello, M.},
  title = {{Isothermal-isobaric molecular dynamics using stochastic velocity rescaling}},
  journal = {J. Chem. Phys.},
  volume = {130},
  pages = {074101},
  year = {2009}
}

% NPT (MTK)
@article{Martyna:1996,
  author = {Martyna, G. J. and Tuckerman, M. E. and Tobias, D. J. and Klein, D. J.},
  title = {{Explicit reversible integrators for extended systems dynamics}},
  journal = {Mol. Phys.},
  volume = {87},
  pages = {1117},
  year = {1996}
}

% Barostat (Langevin)
@article{Quigley:2004,
   author = {Quigley, D. and Probert, M. I. J.},
   title = {{Langevin dynamics in constant pressure extended systems}},
   journal = {J. Chem. Phys.},
   volume = {120},
   pages = {11432--11441},
   year = {2004}
}

% Ensemble (NPAT and NPgT)
@article{Zhang:1995,
   author = {Zhang, Y. and Feller, S. E. and Brooks, B. R. and Pastor R. W.},
   title = {{Computer simulation of liquid/liquid interfaces. I. Theory and application to octane/water}},
   journal = {J. Chem. Phys.},
   volume = {103},
   pages = {10252--10266},
   year = {1995}
}

% Isotropy (Semi-iso)
@article{Kandt:2007,
   author = {Kandt, C. and Ash, W. L. and Tieleman, D. P.},
   title = {{Setting up and running molecular dynamics simulations of membrane proteins}},
   journal = {Method},
   volume = {41},
   pages = {475--488},
   year = {2007}
}

% REMD: original T-REMD
@article{Sugita:1999,
   author = {Sugita, Y. and Okamoto, Y.},
   title = {{Replica-exchange molecular dynamics method for protein folding}},
   journal = {Chem. Phys. Lett.},
   volume = {314},
   pages = {141--151},
   year = {1999}
}

% REUS
@article{Sugita:2000,
   author = {Sugita, Y. and Kitao, A. and Okamoto, Y.},
   title = {{Multidimensional replica-exchange method for free-energy calculations}},
   journal = {J. Chem. Phys.},
   volume = {113},
   pages = {6042--6051},
   year = {2000}
}

% REUS
@article{Mitsutake:2001,
   author = {Mitsutake, A. and Sugita, Y. and Okamoto, Y.},
   title = {{Generalized-ensemble algorithms for molecular simulations of biopolymers}},
   journal = {Biopolymers},
   volume = {60},
   pages = {96--123},
   year = {2001}
}

% H-REMD
@article{Fukunishi:2002,
   author = {Fukunishi, H. and Watanabe, O. and Takada, S.},
   title = {{On the Hamiltonian replica exchange method for efficient sampling of biomolecular systems: Application to protein structure prediction}},
   journal = {J. Chem. Phys.},
   volume = {116},
   pages = {9058--9067},
   year = {2002}
}

% P-REMD
@article{Okabe:2001,
   author = {Okabe, T. and Kawata, M. and Okamoto, Y. and Mikami, M.},
   title = {{Replica-exchange Monte Carlo method for the isobaric-isothermal ensemble}},
   journal = {Chem. Phys. Lett.},
   volume = {335},
   pages = {435--439},
   year = {2001}
}

% g-REMD
@article{Mori:2013,
   author = {Mori, T. and Jung, J. and Sugita, Y.},
   title = {{Surface-tension replica-exchange molecular dynamics method for enhanced sampling of biological membrane systems}},
   journal = {J. Chem. Theory. Comput.},
   volume = {9},
   pages = {5629--5640},
   year = {2013}
}

% gREST/REUS
@article{Re:2019,
   author = {Re, S. and Oshima, H. and Kasahara, K. and Kamiya, M. and Sugita, Y.},
   title = {{Encounter complexes and hidden poses of kinase-inhibitor binding on the free-energy landscape}},
   journal = {Proc. Natl. Acad. Sci. USA},
   year = {2019},
   volume = {116},
   pages = {18404--18409},
}

% momenta rescaling in REMD 1
@article{Mori:2010-1,
   author = {Mori, Y. and Okamoto, Y.},
   title = {{Generalized-ensemble algorithms for the isobaric-isothermal ensemble}},
   journal = {J. Phys. Soc. Jpn.},
   volume = {79},
   pages = {074003},
   year = {2010}
}

% momenta rescaling in REMD 2
@article{Mori:2010-2,
   author = {Mori, Y. and Okamoto, Y.},
   title = {{Replica-exchange molecular dynamics simulations for various constant temperature algorithms}},
   journal = {J. Phys. Soc. Jpn.},
   volume = {79},
   pages = {074001},
   year = {2010}
}


% FFT: FFTE
@MISC{FFTE:Online,
   author = {Takahashi, D.},
   title = {{FFTE: A Fast Fourier Transform Package}},
   note = {http://www.ffte.jp/}
}

% FFT: FFTW
@MISC{FFTW:Online,
   title = {{FFTW}},
   note = {http://www.fftw.org/}
}

% FFT: FFTW article
@article{FFTW:2005,
   author = {Frigo, M. and Johnson, S.}, 
   title = {{The Design and Implementation of FFTW3}}, 
   journal = {Proc. IEEE}, 
   volume = {93}, 
   pages = {216--231}, 
   year = {2005}, 
   note = {{Special issue on ``Program Generation, Optimization, and Platform Adaptation''}}
}

% TMD: Targeted MD
@article{Schlitter:1994,
   author = {Schlitter, J. and Engels, M. and Kruger, P.},
   title = {{Targeted molecular dynamics: a new approach for searching pathways of conformational transitions}},
   journal = {J. Mol. Graph.},
   volume = {12},
   pages = {84-89},
   year = {1994},
}

% CHARMM website
@MISC{CHARMM:Online,
title = {{CHARMM}},
note = {http://www.charmm.org/}
}

% psfgen website
@MISC{psfgen:Online,
title = {{psfgen}},
note = {http://www.ks.uiuc.edu/Research/vmd/plugins/psfgen/ug.pdf}
}

% VMD website
@MISC{VMD:Online,
title = {{VMD}},
note = {http://www.ks.uiuc.edu/Research/vmd/}
}

% NAMD website
@MISC{NAMD:Online,
title = {{NAMD}},
note = {http://www.ks.uiuc.edu/Research/namd/}
}

% AMBER website
@MISC{AMBER:Online,
title = {{AMBER}},
note = {http://ambermd.org/}
}

% Gromacs website
@MISC{Gromacs:Online,
title = {{Gromacs}},
note = {http://www.gromacs.org/}
}

% Open MPI website
@MISC{OpenMPI:Online,
title = {{Open MPI}},
note = {http://www.open-mpi.org/}
}

% SMOG website
@MISC{SMOG:Online,
title = {{SMOG: Structure-based Models for Biomolecules}},
note = {http://smog-server.org/}
}

% String methods
@article{string_mean-forces,
   author = {Maragliano, L and Fischer, A. and Vanden-Eijnden, E. and Ciccotti, G.},
   title = {{String method in collective variables: minimum free energy paths and isocommittor surfaces}},
   journal = {J. Chem. Phys.},
   volume = {125},
   pages = {24106},
   year = {2006},
}

@article{string_on-the-fly,
   author = {Maragliano, L. and Vanden-Eijnden, E.},
   title = {{On-the-fly string method for minimum free energy paths calculation}},
   journal = {Chem. Phys. Lett.},
   volume = {446},
   pages = {182--190},
   year = {2007}
}

@article{string_swarms,
   author = {Pan, A. C and Sezer, D. and Roux, B.},
   title = {{Finding transition pathways using the string method with swarms of trajectories}},
   journal = {J. Phys. Chem. B},
   year = {2008},
   volume = {112},
   pages = {3432--3440},
}

@article{string_genesis,
   author = {Matsunaga, Y. and Komuro, Y. and Kobayashi, C. and Jung, J. and Mori, T. and Sugita, Y.},
   title = {{Dimensionality of Collective Variables for Describing Conformational Changes of a Multi-Domain Protein}},
   journal = {J. Phys. Chem. Lett.},
   year = {2016},
   volume = {7},
   pages = {1446--1451},
}

% MEP: String and NEB
@article{string_min_ene_path,
   author = {E, W. and Ren, W. and Vanden-Eijnden, E.},
   title = {{Simplified and improved string method for computing the minimum energy paths in barrier-crossing events}},
   journal = {J. Chem. Phys.},
   volume = {126},
   pages = {164103},
   year = {2007},
}

@article{nudged-elastic-band,
   author = {Sheppard, D. and Terrell, R. and Henkelman, G.},
   title = {{Optimization methods for finding minimum energy paths}},
   journal = {J. Chem. Phys.},
   volume = {128},
   pages = {134106},
   year = {2008},
}


@article{Berne:REST,
   author = {Liu, P. and Kim, B. and Friesner, R. A. and Berne, B. J.},
   title = {{Replica exchange with solute tempering: A method for sampling biological systems in explicit water}},
   journal = {Proc. Natl. Acad. Sci. USA},
   year = {2005},
   volume = {102},
   pages = {13749--13754},
}

@article{Terakawa:REST2,
   author = {Terakawa, T. and Kameda, T. and Takada, S.},
   title = {{On Easy Implementation of a Variant of the Replica Exchange with Solute Tempering in GROMACS}},
   journal = {J. Comput. Chem.},
   year = {2011},
   volume = {32},
   pages = {1228--1234},
}

@article{Kamiya:gREST,
   author = {Kamiya, M. and Sugita, Y.},
   title = {{Flexible selection of the solute region in replica exchange with solute tempering: Application to protein-folding simulations}},
   journal = {J. Chem. Phys.},
   year = {2018},
   volume = {149},
   pages = {072304},
}

% GaMD
@article{Miao:2015,
	author = {Miao, Y. and Feher, V. A. and McCammon, J. A.},
	title = {{Gaussian Accelerated Molecular Dynamics: Unconstrained Enhanced Sampling and Free Energy Calculation}},
	journal = {J. Chem. Theory Comput.},
	year = {2015},
	volume = {11},
	pages = {3584--3595},
}

% GaMD in NAMD
@article{Pang:2017,
	author = {Pang, Y. T. and Miao, Y. and Wang, Y. and McCammon, J. A.},
	title = {{Gaussian Accelerated Molecular Dynamics in NAMD}},
	journal = {J. Chem. Theory Comput.},
	year = {2017},
	volume = {13}, 
	pages = {9--19},
}

% Reweighting of GaMD
@article{Miao:2014,
   author = {Miao, Y. and  Sinko, W. and  Pierce, L. and Bucher, D. and Walker, R. C. and McCammon, J. A.},
   title = {{Improved Reweighting of Accelerated Molecular Dynamics Simulations for Free Energy Calculation}},
   journal = {J. Chem. Theory Comput.},
   year = {2014},
   volume = {10},
   pages ={2677--2689},
}

% accelerated MD 1
@article{Hamelberg:2004,
	author = {Hamelberg, D. and Mongan, J. and McCammon, J. A.},
	title = {{Accelerated Molecular Dynamics: A Promising and Efficient Simulation Method for Biomolecules}},
	journal = {J. Chem. Phys.},
	year = {2004},
	volume = {120},
	pages = {11919--11929},
}

% accelerated MD 2
@article{Hamelberg:2007,
	author = {Hamelberg, D. and de Oliveira, C. A. F. and McCammon, J. A.},
	title = {{Sampling of Slow Diffusive Conformational Transitions with Accelerated Molecular Dynamics}},
	journal = {J. Chem. Phys.},
	year = {2007}, 
	volume = {127},
	pages = {155102},
}

% accelerated MD 3
@article{Shen:2008,
	author = {Shen, T. and Hamelberg, D.},
	title = {{A Statistical Analysis of the Precision of Reweighting-Based Simulations}},
	journal = {J. Chem. Phys.},
	year = {2008},
	volume = {129},
	pages = {034103},
}

% GaREUS
@article{Oshima:2019,
   author = {Oshima, H. and Re, S. and Sugita, Y.},
   title = {{Replica-Exchange Umbrella Sampling Combined with Gaussian Accelerated Molecular Dynamics for Free-Energy Calculation of Biomolecules}},
   journal = {J. Chem. Theory Comput.},
   year = {2019},
   volume = {15},
   pages = {5199--5208},
}

% Input preparation SMOG
@article{Noel:2010,
        author = {Noel, J. K. and Whitford, P. C. and Sanbonmatsu, K. Y. and Onuchic, J. N.},
        title = {{SMOG@ctbp: simplified deployment of structure based models in GROMACS}},
        journal = {Nucleic Acids Res.},
        year = {2010},
        volume = {38},
        pages = {W657--W661},
}

% Input preparation SMOG2
@article{Noel:2016,
        author = {Noel, J. K. and Levi, M. and Raghunathan, M. and Lammert, H. and Hayes, R. L. and Onuchic, J. N. and Whitford, P. C.},
        title = {{SMOG 2: A Versatile Software Package for Generating Structure Based Models}},
        journal = {PLoS Comput. Biol.},
        year = {2016},
        volume = {12},
        pages = {e1004794},
}

% Input preparation MMTSB
@article{Feig:2004,
        author = {Feig, M. and Karanicolas, J. and Brooks, C. L. III},
        title = {{MMTSB Tool Set: enhanced sampling and multiscale modeling methods for applications in structural biology}},
        journal = {J. Mol. Graph, Model.},
        year = {2004},
        volume = {22},
        pages = {377--395},
}

% Input preparation CHARMM-GUI
@article{Jo:2008,
        author = {Jo, S. and Kim, T. and Iyer, V. G. and Im, W.},
        title = {{CHARMM GUI: A web based graphical user interface for CHARMM}},
        journal = {J. Comput. Chem.},
        year = {2008},
        volume = {29},
        pages = {1859-1865},
}

% Input preparation VMD
@article{Humphrey:1996,
        author = {Humphrey, W. and Dalke, A. and Schulten, K.},
        title = {{VMD: Visual molecular dynamics}},
        journal = {J. Mol. Graph.},
        year = {1996},
        volume = {14},
        pages = {33-38},
}

% Cryo-EM fitting
@article{Topf:2008,
        author = {Topf, M. and Lasker, K. and Webb, B. and Wolfson, H. and Chiu, W. and Sali, A.},
        title = {{Protein structure fitting and refinement guided by cryo EM density}},
        journal = {Structure},
        year = {2008},
        volume = {16},
        pages = {295-307},
}

% Cryo-EM fitting
@article{Ishida:2014,
        author = {Ishida, H. and Matsumoto, A.},
        title = {{Free energy landscape of reverse tRNA translocation through the ribosome analyzed by electron microscopy density maps and molecular dynamics simulations}},
        journal = {PloS one},
        year = {2014},
        volume = {9},
        pages = {e101951},
}

% Cryo-EM fitting
@article{Orzechowski:2008,
        author = {Orzechowski, M. and Tama, F.},
        title = {{Flexible fitting of high resolution X ray structures into cryoelectron microscopy maps using biased molecular dynamics simulations}},
        journal = {Biophys. J.},
        year = {2008},
        volume = {95},
        pages = {5692-5705},
}

% Cryo-EM fitting
@article{Tama:2004,
        author = {Tama, F. and Miyashita, O. and Brooks, C. L.},        
        title = {{Flexible multi scale fitting of atomic structures into low resolution electron density maps with elastic network normal mode analysis}},
        journal = {J. Mol. Biol.},
        year = {2004},
        volume = {337},
        pages = {985-999},
}

% Cryo-EM fitting
@article{Trabuco:2008,
        author = {Trabuco, L. G. and Villa, E. and Mitra, K. and Frank, J. and Schulten, K.},        
        title = {{Flexible fitting of atomic structures into electron microscopy maps using molecular dynamics}},
        journal = {Structure},
        year = {2008},
        volume = {16},
        pages = {673-683},
}

% Cryo-EM fitting
@article{Miyashita:2017,
        author = {Miyashita, O. and Kobayashi, C. and Mori, T. and Sugita, Y. and Tama, F.},
        title = {{Flexible fitting to cryo-EM density map using ensemble molecular dynamics simulations}},
        journal = {J. Comput. Chem.},
        year = {2017},
        volume = {38},
        pages = {1447-1461},
}

% Cryo-EM fitting
@article{Whitford:2011,
        author = {Whitford, P. C. and Ahmed, A. and Yu, Y. and Hennelly and S. P. and Tama, F. and Spahn and C. M. and Onuchic, J. N. and Sanbonmatsu, K. Y.},
        title = {{Excited states of ribosome translocation revealed through integrative molecular modeling}},
        journal = {Proc. Natl. Acad. Sci. U.S.A.},
        year = {2011},
        volume = {108},
        pages = {18943-18948},
}

% Cryo-EM fitting
@article{Mori:2019,
        author = {T. Mori and M. Kulik and O. Miyashita and J. Jung and F. Tama and Y. Sugita},
        title = {{Acceleration of cryo-EM flexible fitting for large biomolecular systems by efficient space partitioning}},
        journal = {Structure},
        year = {2019},
        volume = {27},
        pages = {161-174.e3},
}

% QM/MM original papers (1/2)
@article{Warshel:1972,
	author = {A. Warshel and M. Karplus},
	title = {{Calculation of Ground and Excited State Potential Surfaces of Conjugated Molecules. I. Formulation and Parametrization}},
	journal = {J. Am. Chem. Soc.},
	year = {1972},
	volume = {94},
	pages = {5612--5625},
}

% QM/MM original papers (2/2)
@article{Warshel:1976,
	author = {A. Warshel and M. Levitt},
	title = {{Theoretical studies of enzymic reactions: Dielectric, electrostatic and steric stabilization of the carbonium ion in the reaction of lysozyme}},
	journal = {J. Mol. Biol.},
	year = {1976},
	volume = {103},
	pages = {227--249},
}

% QM/MM paper
@article{Yagi:2019,
	author = {K. Yagi and K. Yamada and C. Kobayashi and Y. Sugita},
	title = {{Anharmonic Vibrational Analysis of Biomolecules and Solvated Molecules Using Hybrid QM/MM Computations}},
	journal = {J. Chem. Theory Comput.},
	year = {2019},
	volume = {15},
	pages = {1924--1938},
}

% QM/MM reaction paper
@article{Yagi:2021,
	author = {K. Yagi and S. Ito and Y. Sugita},
	title = {{Exploring the Minimum-Energy Pathways and Free-Energy Profiles of Enzymatic Reactions with QM/MM Calculations}},
	journal = {J. Phys. Chem. B},
	year = {2021},
	volume = {125},
	pages = {4701--4713},
}

% Dual topology 1
@article{Gao:1989,
	author = {J. Gao and K. Kuczera and B. Tidor and M. Karplus},
	title = {{Hidden thermodynamics of mutant proteins: A molecular dynamics analysis}},
	journal = {Science},
	volume = {244},
	pages = {1069--1072},
	year = {1989}
}

% Dual topology 2
@article{Pearlman:1994,
	author = {D. A. Pearlman},
	title = {{A comparison of alternative approaches to free energy calculations}},
	journal = {J. Phys. Chem.},
	volume = {98},
	pages = {1487--1493},
	year = {1994}
}

% Dual topology 3
@article{Axelsen:1998,
	author = {P. H. Axelsen and D. Li},
	title = {{Improved convergence in dual-topology free energy calculations through use of harmonic restraints}},
	journal = {J. Comput. Chem.},
	volume = {19},
	pages = {1278--1283},
	year = {1998}
}

% Hybrid topology
@article{Jiang:2019,
	author = {W. Jiang and C. Chipot and B. Roux},
	title = {{Computing relative binding 791 affinity of ligands to receptor: An effective hybrid single-dual-topology free-energy perturbation approach in NAMD}},
	journal = {J. Chem. Inf. Model.},
	year = {2019},
	volume = {59},
	pages = {3794--3802}
}

% Softcore for LJ interaction
@article{Zacharias:1994,
	author = {M. Zacharias and T. P. Straatsma and J. A. McCammon},
	title = {{Separation‚Äêshifted scaling, a new scaling method for Lennard‚ÄêJones interactions in thermodynamic integration}},
	journal = {J. Chem. Phys.},
	volume = {100},
	pages = {9025--9031},
	year = {1994}
}

% Softcore for electrostatic interaction
@article{Steinbrecher:2011,
	author = {T. Steinbrecher and I. Joung and D. A. Case},
	title = {{Soft-core potentials in thermodynamic integration: Comparing one- and two-step transformations}},
	journal = {J. Comput. Chem.},
	volume = {32},
	pages = {3253--3263},
	year = {2011}
}

% FEP/REMD
@article{Jiang:2009,
	author = {W. Jiang and M. Hodoscek and B. Roux},
	title = {{Computation of Absolute Hydration and Binding Free Energy with Free Energy Perturbation Distributed Replica-Exchange Molecular Dynamics}},
	journal = {J. Chem. Theory Comput.},
	volume = {5},
	pages = {2583--2588},
	year = {2009}
}

% PI-FEP1
@article{Jorgensen:1985,
	author = {W. L. Jorgensen and C. Ravimohan},
	title = {{Monte Carlo Simulation of Differences in Free Energies of Hydration}},
	journal = {J. Chem. Phys.},
	volume = {83},
	pages = {3050--3054},
	year = {1985}
}

% PI-FEP2
@article{Mezei:1986,
	author = {M. Mezei and D. L. Beveridge},
	title = {{Computer Simulation of Chemical and Biomolecular Systems}},
	journal = {Ann. N. Y. Acad. Sci.},
	volume = {482},
	pages = {1--307},
	year = {1986}
}

% PI-FEP3
@article{Giese2018,
	author = {T. J. Giese and D. M. York},
	title = {{A GPU-Accelerated Parameter Interpolation Thermodynamic Integration Free Energy Method}},
	journal = {J. Chem. Theory Comput.},
	volume = {14},
	pages = {1564--1582},
	year = {2018}
}

% Modified FEP
@article{Oshima:2022,
	author = {H. Oshima and Y. Sugita},
	title = {{Modified Hamiltonian in FEP Calculations for Reducing the Computational Cost of Electrostatic Interactions}},
	journal = {J. Chem. Inf. Model.},
	volume = {62},
	pages = {2846--2856},
	year = {2022}
}

% Implementation of residue-level CG models in GENESIS
@article{Tan:PLOSCB2022,
    year = {2022}, 
    title = {{Implementation of residue-level coarse-grained models in GENESIS for large-scale molecular dynamics simulations}}, 
    author = {C. Tan and J. Jung and C. Kobayashi and D. Ugarte La Torre and S. Takada and Y. Sugita}, 
    journal = {PLoS Comput. Biol.}, 
    pages = {e1009578}, 
    number = {4}, 
    volume = {18}
}



% AICG2+
@article{Li:PNAS2014,
    year = {2014},
    title = {{Energy landscape views for interplays among folding, binding, and allostery of calmodulin domains}},
    author = {W. Li and W. Wang and S. Takada},
    journal = {Proc. Nati. Acad. Sci.},
    pages = {10550--10555}, 
    number = {29}, 
    volume = {111} 
}

% AICG2+ local flexible potentials
@article{Terakawa:BJ2011,
    year = {2011}, 
    title = {{Multiscale Ensemble Modeling of Intrinsically Disordered Proteins: p53 N-Terminal Domain}}, 
    author = {T. Terakawa and S. Takada}, 
    journal = {Biophys. J.}, 
    pages = {1450--1458}, 
    number = {6}, 
    volume = {101}
}

% 3SPN.1 DNA model
@article{Freeman:2011,
    year = {2011}, 
    title = {{A coarse-grain three-site-per-nucleotide model for DNA with explicit ions}}, 
    author = {G. S. Freeman and D. M. Hinckley and J. J. de Pablo}, 
    journal = {J. Chem. Phys.}, 
    pages = {165104}, 
    number = {16}, 
    volume = {135}
}

% 3SPN.2 DNA model
@article{Hinckley:2013,
    year = {2013}, 
    rating = {5}, 
    title = {{An experimentally-informed coarse-grained 3-site-per-nucleotide model of DNA: Structure, thermodynamics, and dynamics of hybridization}}, 
    author = {D. M. Hinckley and G. S. Freeman and J. K. Whitmer and J. J. de Pablo}, 
    journal = {J. Chem. Phys.}, 
    pages = {144903}, 
    number = {14}, 
    volume = {139} 
}

% 3SPN.2C DNA model
@article{Freeman:2014,
    year = {2014}, 
    rating = {5}, 
    title = {{Coarse-grained modeling of DNA curvature}}, 
    author = {G. S. Freeman and D. M. Hinckley and J. P. Lequieu and J. K. Whitmer and J. J. de Pablo}, 
    journal = {J. Chem. Phys.}, 
    issn = {0021-9606}, 
    pages = {165103}, 
    number = {16}, 
    volume = {141}
}

% PWMcos CG model for protein-DNA interaction
@article{Tan:PWMcos,
    year = {2018}, 
    title = {{Dynamic and Structural Modeling of the Specificity in Protein‚ÄìDNA Interactions Guided by Binding Assay and Structure Data}}, 
    author = {C. Tan and S. Takada}, 
    journal = {J. Chem. Theory Comput.}, 
    issn = {1549-9618}, 
    pages = {3877--3889}, 
    number = {7}, 
    volume = {14}
}

% nucleosome simulation 1
@article{Niina:nuc2017,
    year = {2017}, 
    title = {{Sequence-dependent nucleosome sliding in rotation-coupled and uncoupled modes revealed by molecular simulations}}, 
    author = {T. Niina and G. B. Brandani and C. Tan and S. Takada}, 
    journal = {PLoS Comput. Biol.}, 
    pages = {e1005880}, 
    number = {12}, 
    volume = {13}
}

% nucleosome simulation 2
@article{Brandani:nuc2018,
    year = {2018}, 
    title = {{DNA sliding in nucleosomes via twist defect propagation revealed by molecular simulations}}, 
    author = {G. B. Brandani and T. Niina and C. Tan and S. Takada}, 
    journal = {Nucleic Acids Res.}, 
    pages = {2788-2801}, 
    number = {6}, 
    volume = {46}
}

% HPS/KH IDR models
@article{Dignon:plos2018,
    year = {2018},
    rating = {5},
    title = {{Sequence determinants of protein phase behavior from a coarse-grained model}},
    author = {G. L. Dignon and W. Zheng and Y. C. Kim and R. B. Best and J. Mittal},
    journal = {PLoS Comput. Biol.},
    pages = {e1005941},
    number = {1},
    volume = {14}
}

% HPS parameters 2021
@article{HPS:Best-JPCB2021
    year = {2021}, 
    title = {{A Data-Driven Hydrophobicity Scale for Predicting Liquid‚ÄìLiquid Phase Separation of Proteins}}, 
    author = {T. Dannenhoffer-Lafage and R. B. Best}, 
    journal = {J. Phys. Chem. B}, 
    keywords = {}
}

% Go-like CG RNA model 2012
@article{Hori:JCTC2012,
year = {2012},
title = {{Coarse-Grained Structure-Based Model for RNA-Protein Complexes Developed by Fluctuation Matching}},
author = {N. Hori and S. Takada},
journal = {J. Chem. Theory Comput.},
pmid = {26605744}, 
pages = {3384--3394}, 
number = {9}, 
volume = {8}
}

% Ring penetration and chirality errors
@article{Mori:2021-1,
   author = {T. Mori and G. Terashi and D. Matsuoka and D. Kihara and Y. Sugita},
   title = {{Efficient Flexible Fitting Refinement with Automatic Error Fixing for De Novo Structure Modeling from Cryo-EM Density Maps}},
   journal = {J. Chem. Inf. Model.},
   volume = {61},
   pages = {3516--3528},
   year = {2021}
}

% EEF1
@article{Lazaridis:1999,
   author = {T. Lazaridis and M. Karplus},
   title = {{Effective energy function for proteins in solution}},
   journal = {Proteins},
   volume = {35},
   pages = {133--152},
   year = {1999}
}

% IMM1
@article{Lazaridis:2003,
   author = {T. Lazaridis},
   title = {{Effective energy function for proteins in lipid membranes}},
   journal = {Proteins},
   volume = {52},
   pages = {176--192},
   year = {2003}
}

% IMM1-pore
@article{Lazaridis:2005,
   author = {T. Lazaridis},
   title = {{Structural Determinants of Transmembrane beta-Barrels}},
   journal = {J. Chem. Theory Comput.},
   volume = {1},
   pages = {716--722},
   year = {2005}
}

% IMIC
@article{Mori:2020,
   author = {T. Mori and Y. Sugita},
   title = {{Implicit Micelle Model for Membrane Proteins Using Superellipsoid Approximation}},
   journal = {J. Chem. Theory Comput.},
   volume = {16},
   pages = {711--724},
   year = {2020}
}

% ff19SB
@article{Tian:2020,
   author = {C. Tian and K. Kasavajhala and K. A. A. Belfon and L. Raguette and L. Raguette and H. Huang and A. N. Migues and J. Bickel and Y. Wang and J. Pincay and Q. Wu and C. Simmerling},
   title = {{ff19SB: Amino-Acid-Specific Protein Backbone Parameters Trained again Quantum Mechanics Energy Surfaces in Solution}},
   journal = {J. Chem. Theory Comput.},
   volume = {16},
   pages = {528--552},
   year = {2020}
}

% half time step pressure
@article{Jung:2018,
   author = {J. Jung and C. Kobayashi and Y. Sugita},
   title = {{Kinetic Energy Definition in Velocity Verlet Integration For Accurate Pressure Evaluation}},
   journal = {J. Chem. Phys.},
   volume = {148},
   pages = {164109},
   year = {2018}
}

% optimal temperature
@article{Jung:2019,
   author = {J. Jung and C. Kobayashi and Y. Sugita},
   title = {{Optimal Temperature Evaluation in Molecular Dynamics Simulations with a Large Time Step}},
   journal = {J. Chem. Theory Comput.},
   volume = {15},
   pages = {84--94},
   year = {2019}
}

% Group T/P
@article{Jung:2020,
   author = {J. Jung and Y. Sugita},
   title = {{Group-based Evaluation of Temperature and Pressure for Molecular Dynamics Simulation with a Large Time Step}},
   journal = {J. Chem. Phys.},
   volume = {153},
   pages = {234115},
   year = {2020}
}

% Fugaku
@article{Jung:2021_1,
   author = {J. Jung and C. Kobayashi and K. Kasahara and C. Tan and A. Kuroda and K. Minami and S. Ishiduki and T. Nishiki and H. Inoue and Y. Ishikawa and Y. Sugita},
   title = {{New Parallel Computing Algorithm of Molecular Dynamics for Extremely Huge Scale Biological Systems}},
   journal = {J. Comput. Chem.},
   volume = {42},
   pages = {231--241},
   year = {2021}
}

% HMR
@article{Jung:2021_2,
   author = {J. Jung and K. Kasahara and C. Kobayashi and H. Oshima and T. Mori and Y. Sugita},
   title = {{Optimized Hydrogen Mass Repartitioning Scheme Combined with Accurate Temperature/Pressure Evaluations for Thermodynamic and Kinetic Properties of Biological Systems}},
   journal = {J. Chem. Theory Comput.},
   volume = {17},
   pages = {5312--5321},
   year = {2021}
}
